<?xml version="1.0" encoding="UTF-8"?><collection xmlns="http://www.loc.gov/MARC21/slim"><record><leader>00374nam--2200121-i-4500</leader><controlfield tag="001">000043497</controlfield><controlfield tag="002">20161230</controlfield><controlfield tag="005">20161230201044</controlfield><controlfield tag="008">060222s1000------------r-----000-0-eng-d</controlfield><datafield ind1=" " ind2=" " tag="245"><subfield code="a">Tables of the bessel functions of the first kind of orders.....vol.4.two and three</subfield></datafield><datafield ind1=" " ind2=" " tag="260"><subfield code="a">Cambridge, Massachussets, Harvard Univ.,1947-1948</subfield></datafield><datafield ind1=" " ind2=" " tag="490"><subfield code="a">Annals Of Computation</subfield></datafield><datafield ind1=" " ind2=" " tag="852"><subfield code="a">12300</subfield></datafield></record></collection>